<record><leader>00000cas a22000007a 4500</leader><controlfield tag="001">15698250</controlfield><controlfield tag="008">870516d18851969inucr ne      0    0eng d</controlfield><datafield ind1=" " ind2=" " tag="010"><subfield code="a">sn 87056198 </subfield></datafield><datafield ind1=" " ind2=" " tag="040"><subfield code="a">NPI</subfield><subfield code="b">eng</subfield><subfield code="c">NPI</subfield><subfield code="d">OCLCQ</subfield><subfield code="d">IUL</subfield><subfield code="d">OCLCF</subfield></datafield><datafield ind1=" " ind2=" " tag="042"><subfield code="a">msc</subfield></datafield><datafield ind1=" " ind2=" " tag="043"><subfield code="a">n-us-in</subfield></datafield><datafield ind1="0" ind2="4" tag="245"><subfield code="a">The Auburn dispatch.</subfield></datafield><datafield ind1=" " ind2=" " tag="260"><subfield code="a">Auburn, Ind. :</subfield><subfield code="b">G.W. Gordon</subfield></datafield><datafield ind1=" " ind2=" " tag="300"><subfield code="a">volumes</subfield></datafield><datafield ind1=" " ind2=" " tag="310"><subfield code="a">Semiweekly,</subfield><subfield code="b">&lt;Apr. 26, 1909&gt;-1969</subfield></datafield><datafield ind1=" " ind2=" " tag="321"><subfield code="a">Weekly</subfield></datafield><datafield ind1="1" ind2=" " tag="362"><subfield code="a">Began in 1885? Ceased in May 1969.</subfield></datafield><datafield ind1=" " ind2=" " tag="515"><subfield code="a">Issue number dropped, &lt;July 24, 1917&gt;.</subfield></datafield><datafield ind1=" " ind2=" " tag="580"><subfield code="a">Also published in a daily ed. called: The Evening dispatch, 1898-1913.</subfield></datafield><datafield ind1=" " ind2=" " tag="588"><subfield code="a">Description based on: Vol. 24, no. 20 (May 19, 1898).</subfield></datafield><datafield ind1=" " ind2="0" tag="651"><subfield code="a">Auburn (Ind.)</subfield><subfield code="v">Newspapers.</subfield></datafield><datafield ind1=" " ind2="0" tag="651"><subfield code="a">De Kalb County (Ind.)</subfield><subfield code="v">Newspapers.</subfield></datafield><datafield ind1=" " ind2="7" tag="651"><subfield code="a">Indiana</subfield><subfield code="z">Auburn.</subfield><subfield code="2">fast</subfield><subfield code="0">(OCoLC)fst01222010</subfield></datafield><datafield ind1=" " ind2="7" tag="651"><subfield code="a">Indiana</subfield><subfield code="z">De Kalb County.</subfield><subfield code="2">fast</subfield><subfield code="0">(OCoLC)fst01225876</subfield></datafield><datafield ind1=" " ind2="7" tag="655"><subfield code="a">Newspapers.</subfield><subfield code="2">fast</subfield><subfield code="0">(OCoLC)fst01423814</subfield></datafield><datafield ind1=" " ind2=" " tag="752"><subfield code="a">United States</subfield><subfield code="b">Indiana</subfield><subfield code="c">De Kalb</subfield><subfield code="d">Auburn.</subfield></datafield><datafield ind1="1" ind2=" " tag="775"><subfield code="t">Evening dispatch (Auburn, Ind.)</subfield><subfield code="w">(DLC)sn 87056202</subfield><subfield code="w">(OCoLC)15698260</subfield></datafield><datafield ind1="0" ind2="0" tag="780"><subfield code="t">De Kalb Republican</subfield><subfield code="w">(DLC)sn 87056206</subfield><subfield code="w">(OCoLC)15698242</subfield></datafield><datafield ind1="0" ind2="4" tag="785"><subfield code="t">Evening star (Auburn, Ind.)</subfield><subfield code="w">(DLC)sn 87056203</subfield><subfield code="w">(OCoLC)15698269</subfield></datafield></record>